@book{MagBear,
	author = {H. Bleuler and M. Cole and P. Keogh and R. Larsonneur and E. Maslen and R. Nordmann and Y. Okada and G. Schweitzer and A. Traxler},
	title = {Magnetic Bearings: Theory, Design, and Application to Rotating Machinery},
	date = {2009},
	publisher = {Springer},
}

%%......................%%

@article{GyrCapApp,
	author = {D C. Hamill},
	title = {Lumped Equivalent Circuits of Magnetic Components: The Gyrator-Capacitor Approach},
	journal = {IEEE Trans. Power Electron.,},
	volume = {8},
	number = {2},
	pages = {97-103},
	year = {1993},
	month = {April},
}

%%......................%%

@article{MWFwE,
	author = {N. A. Al-Nuaim and H. A. Toliyat},
	title = {A Novel Method for Modeling Dynamic Air-Gap Eccentricity in Synchronous Machines Based on Modified Winding Function Theory},
	journal = {IEEE Trans. On Energy Conversion},
	month = {June},
	year = {1998},
	volume = {13},
	number = {2},
	pages = {156-162},
}

%%......................%%

@book{IntACMach,
	author = {T. A. Lipo},
	title = {Introduction to AC Machine Design},
	date = {2017},
	publisher = {Wiley-IEEE},
	OPTisbn = {978-1-119-35216-7}
}

%%......................%%

@article{AnaGapSal,
	author = {O. Misir and F. Dobbert and B. Ponick},
	title = {Analytical method for the air gap permeance calculation of salient pole synchronous machines},
	journal = {Elektrotechnik und Informationstechnik},
	year = {2016},
	volume = {133},
	number = {2},
	pages = {103-111},
}

%%......................%%

@thesis{Wimer,
	author = {B. T. Wimer},
	title = {Dynamic Model and Design of an Integrated Flywheel Energy Storage System},
	type = {Thesis},
	institution = {University of Idaho},
	date = {2014},
	month = {May},
}

%%......................%%

@thesis{Kisling,
	author = {B. A. Kisling},
	title = {Active Magnetic Bearing Control for an Experimental Flywheel Energy Storage System},
	type = {Thesis},
	institution = {University of Idaho},
	date = {2014},
	month = {May},
}

%%......................%%

@thesis{Ramus,
	author = {K. R. Ramus},
	title = {Power Electronic Components and Hardware for an Experimental Flywheel Energy Storage System},
	type = {Thesis},
	institution = {University of Idaho},
	date = {2014},
	month = {May},
}

%%......................%%

@thesis{Pettingill,
	author = {J. D. Pettingill},
	title = {Multi-Physic Stochastic Modeling of a High Speed Composite Flywheel Energy Storage System},
	type = {Thesis},
	institution = {University of Idaho},
	date = {2017},
	month = {May},
}
